<record><leader>00000cas a22000007a 4500</leader><controlfield tag="001">20545541</controlfield><controlfield tag="008">891025d18821886mnuwr ne      0    0eng d</controlfield><datafield ind1=" " ind2=" " tag="010"><subfield code="a">sn 89064038 </subfield></datafield><datafield ind1=" " ind2=" " tag="040"><subfield code="a">MN#</subfield><subfield code="b">eng</subfield><subfield code="c">MN#</subfield><subfield code="d">OCLCQ</subfield></datafield><datafield ind1=" " ind2=" " tag="042"><subfield code="a">msc</subfield></datafield><datafield ind1=" " ind2=" " tag="043"><subfield code="a">n-us-mn</subfield></datafield><datafield ind1=" " ind2=" " tag="052"><subfield code="a">4144</subfield><subfield code="b">L175</subfield></datafield><datafield ind1=" " ind2=" " tag="052"><subfield code="a">4143</subfield><subfield code="b">L2</subfield></datafield><datafield ind1="0" ind2=" " tag="130"><subfield code="a">Lac qui Parle press (Lac qui Parle, Minn. : 1882)</subfield></datafield><datafield ind1="1" ind2="4" tag="245"><subfield code="a">The Lac qui Parle press.</subfield></datafield><datafield ind1=" " ind2=" " tag="260"><subfield code="a">Lac qui Parle, Lac qui Parle County, Minn. :</subfield><subfield code="b">Coghlan &amp; Anderson,</subfield><subfield code="c">1882-1886.</subfield></datafield><datafield ind1=" " ind2=" " tag="300"><subfield code="a">5 v.</subfield></datafield><datafield ind1=" " ind2=" " tag="310"><subfield code="a">Weekly</subfield></datafield><datafield ind1="0" ind2=" " tag="362"><subfield code="a">Vol. 1, no. 1 (Apr. 7, 1882)-v. 5, no. 4 (Apr. 23, 1886).</subfield></datafield><datafield ind1=" " ind2=" " tag="530"><subfield code="a">Available on microfilm from the Minnesota Historical Society.</subfield></datafield><datafield ind1=" " ind2="0" tag="651"><subfield code="a">Lac qui Parle (Minn.)</subfield><subfield code="v">Newspapers.</subfield></datafield><datafield ind1=" " ind2=" " tag="752"><subfield code="a">United States</subfield><subfield code="b">Minnesota</subfield><subfield code="c">Lac qui Parle</subfield><subfield code="d">Lac qui Parle.</subfield></datafield><datafield ind1="0" ind2="0" tag="785"><subfield code="t">Lac qui Parle County press (Madison, Minn. : 1886)</subfield><subfield code="w">(DLC)sn 89064037</subfield></datafield></record>